% Encoding: UTF-8

% Classic References
@book{bentley:1999,
  title = {Programming Pearls},
  publisher = {Addison-Wesley},
  year = {1999},
  author = {Jon Bentley}
}

@book{bringhurst:2008,
  title = {The Elements of Typographic Style},
  publisher = {Hartley \& Marks Publishers},
  year = {2008},
  author = {Robert Bringhurst}
}

@book{cormen:2001,
  title = {Introduction to Algorithms},
  publisher = {The MIT Press},
  year = {2001},
  author = {Cormen, Thomas H. and Leiserson, Charles E. and Rivest, Ronald L. and Stein, Clifford}
}

% Information Retrieval - Core
@book{manning2008ir,
  title = {Introduction to Information Retrieval},
  publisher = {Cambridge University Press},
  year = {2008},
  author = {Manning, Christopher D. and Raghavan, Prabhakar and Sch{\"u}tze, Hinrich}
}

@article{robertson1976relevance,
  title = {Relevance weighting of search terms},
  author = {Robertson, Stephen E and Sp{\"a}rck Jones, Karen},
  journal = {Journal of the American Society for Information Science},
  volume = {27},
  number = {3},
  pages = {129--146},
  year = {1976}
}

@inproceedings{robertson1994okapi,
  title = {Okapi at {TREC-3}},
  author = {Robertson, Stephen E and Walker, Steve and Jones, Susan and Hancock-Beaulieu, Micheline M and Gatford, Mike},
  booktitle = {Proceedings of the Third Text REtrieval Conference (TREC-3)},
  pages = {109--126},
  year = {1994}
}

@article{robertson2009bm25,
  title = {The Probabilistic Relevance Framework: {BM25} and Beyond},
  author = {Robertson, Stephen E. and Zaragoza, Hugo},
  journal = {Foundations and Trends in Information Retrieval},
  volume = {3},
  number = {4},
  pages = {333--389},
  year = {2009}
}

% Dense Retrieval & Embeddings
@inproceedings{karpukhin2020dense,
  title = {Dense Passage Retrieval for Open-Domain Question Answering},
  author = {Karpukhin, Vladimir and O{\u{g}}uz, Barlas and Min, Sewon and Lewis, Patrick and Wu, Ledell and Edunov, Sergey and Chen, Danqi and Yih, Wen-tau},
  booktitle = {Proceedings of EMNLP 2020},
  pages = {6769--6781},
  year = {2020}
}

@inproceedings{reimers2019sbert,
  title = {Sentence-{BERT}: Sentence Embeddings using {S}iamese {BERT}-Networks},
  author = {Reimers, Nils and Gurevych, Iryna},
  booktitle = {Proceedings of EMNLP-IJCNLP 2019},
  pages = {3982--3992},
  year = {2019}
}

@article{uae2023large,
  title = {{UAE-Large-V1}: Universal AnglE Embedding Model},
  author = {Li, Xianming and Li, Jing},
  journal = {arXiv preprint arXiv:2309.12871},
  year = {2023}
}

% RAG
@inproceedings{lewis2020rag,
  title = {Retrieval-Augmented Generation for Knowledge-Intensive {NLP}},
  author = {Lewis, Patrick and Perez, Ethan and Piktus, Aleksandra and Petroni, Fabio and Karpukhin, Vladimir and Goyal, Naman and K{\"u}ttler, Heinrich and Lewis, Mike and Yih, Wen-tau and Rockt{\"a}schel, Tim and Riedel, Sebastian and Kiela, Douwe},
  booktitle = {Advances in Neural Information Processing Systems},
  year = {2020}
}

% String Matching
@article{levenshtein1966,
  title = {Binary Codes Capable of Correcting Deletions, Insertions, and Reversals},
  author = {Levenshtein, Vladimir I.},
  journal = {Soviet Physics Doklady},
  volume = {10},
  number = {8},
  pages = {707--710},
  year = {1966}
}

@article{navarro2001guided,
  title = {A Guided Tour to Approximate String Matching},
  author = {Navarro, Gonzalo},
  journal = {ACM Computing Surveys},
  volume = {33},
  number = {1},
  pages = {31--88},
  year = {2001}
}

@misc{fuzzywuzzy2011,
  title = {{FuzzyWuzzy}: Fuzzy String Matching in {Python}},
  author = {Cohen, Adam},
  year = {2011},
  howpublished = {\url{https://github.com/seatgeek/fuzzywuzzy}}
}

% Transformers & Neural Models
@inproceedings{vaswani2017attention,
  title = {Attention Is All You Need},
  author = {Vaswani, Ashish and Shazeer, Noam and Parmar, Niki and Uszkoreit, Jakob and Jones, Llion and Gomez, Aidan N and Kaiser, {\L}ukasz and Polosukhin, Illia},
  booktitle = {Advances in Neural Information Processing Systems},
  volume = {30},
  year = {2017}
}

@article{mikolov2013word2vec,
  title = {Distributed Representations of Words and Phrases and Their Compositionality},
  author = {Mikolov, Tomas and Sutskever, Ilya and Chen, Kai and Corrado, Greg S and Dean, Jeff},
  journal = {Advances in Neural Information Processing Systems},
  volume = {26},
  year = {2013}
}

% Evaluation Metrics
@article{jarvelin2002ndcg,
  title = {Cumulated Gain-Based Evaluation of {IR} Techniques},
  author = {J{\"a}rvelin, Kalervo and Kek{\"a}l{\"a}inen, Jaana},
  journal = {ACM Transactions on Information Systems},
  volume = {20},
  number = {4},
  pages = {422--446},
  year = {2002}
}

@inproceedings{chapelle2009err,
  title = {Expected Reciprocal Rank for Graded Relevance},
  author = {Chapelle, Olivier and Metlzer, Donald and Zhang, Ya and Grinspan, Pierre},
  booktitle = {Proceedings of CIKM 2009},
  pages = {621--630},
  year = {2009}
}

@article{voorhees1999trec,
  title = {The {TREC-8} Question Answering Track Report},
  author = {Voorhees, Ellen M},
  journal = {Proceedings of TREC},
  volume = {8},
  pages = {77--82},
  year = {1999}
}

% Cross-Validation
@inproceedings{kohavi1995cv,
  title = {A Study of Cross-Validation and Bootstrap for Accuracy Estimation and Model Selection},
  author = {Kohavi, Ron},
  booktitle = {Proceedings of IJCAI 1995},
  pages = {1137--1145},
  year = {1995}
}

@article{wong2015loocv,
  title = {Performance Evaluation of Classification Algorithms by k-fold and Leave-One-Out Cross Validation},
  author = {Wong, Tzu-Tsung},
  journal = {Pattern Recognition},
  volume = {48},
  number = {9},
  pages = {2839--2846},
  year = {2015}
}

% Software & Tools
@article{pedregosa2011sklearn,
  title = {Scikit-learn: Machine Learning in {Python}},
  author = {Pedregosa, Fabian and Varoquaux, Ga{\"e}l and Gramfort, Alexandre and Michel, Vincent and Thirion, Bertrand and Grisel, Olivier and Blondel, Mathieu and Prettenhofer, Peter and Weiss, Ron and Dubourg, Vincent and others},
  journal = {Journal of Machine Learning Research},
  volume = {12},
  pages = {2825--2830},
  year = {2011}
}

@misc{rankbm25-2020,
  title = {rank-bm25: A Collection of {BM25} Algorithms in {Python}},
  author = {Brown, Dorian},
  year = {2020},
  howpublished = {\url{https://github.com/dorianbrown/rank_bm25}}
}

@misc{plotly2020dash,
  title = {Dash: Analytical Web Apps for {Python}, {R}, {Julia}, and {Jupyter}},
  author = {{Plotly Technologies Inc.}},
  year = {2020},
  howpublished = {\url{https://dash.plotly.com}}
}

@inproceedings{mckinney2010pandas,
  title = {Data Structures for Statistical Computing in {Python}},
  author = {McKinney, Wes},
  booktitle = {Proceedings of the 9th Python in Science Conference},
  pages = {56--61},
  year = {2010}
}

@article{sqlite2020,
  title = {{SQLite}: A Database for the Edge of the Network},
  author = {Hipp, D. Richard},
  journal = {Login: The USENIX Magazine},
  volume = {45},
  number = {3},
  year = {2020}
}

% Architecture & Design
@book{gamma1994patterns,
  title = {Design Patterns: Elements of Reusable Object-Oriented Software},
  author = {Gamma, Erich and Helm, Richard and Johnson, Ralph and Vlissides, John},
  year = {1994},
  publisher = {Addison-Wesley}
}

@book{newman2015microservices,
  title = {Building Microservices: Designing Fine-Grained Systems},
  author = {Newman, Sam},
  year = {2015},
  publisher = {O'Reilly Media}
}

% Hybrid Retrieval
@inproceedings{cormack2009rrf,
  title = {Reciprocal Rank Fusion Outperforms Condorcet and Individual Rank Learning Methods},
  author = {Cormack, Gordon V and Clarke, Charles LA and Buettcher, Stefan},
  booktitle = {Proceedings of SIGIR 2009},
  pages = {758--759},
  year = {2009}
}

@article{kuzi2020hybrid,
  title = {Leveraging Semantic and Lexical Matching to Improve the Recall of Document Retrieval Systems},
  author = {Kuzi, Saar and Zhang, Mingyang and Li, Cheng and Bendersky, Michael and Najork, Marc},
  journal = {ACM Transactions on Information Systems},
  volume = {38},
  number = {4},
  pages = {1--30},
  year = {2020}
}

% Financial & Regulatory
@article{arner2017fintech,
  title = {{FinTech}, {RegTech}, and the Reconceptualization of Financial Regulation},
  author = {Arner, Douglas W and Barberis, Janos and Buckley, Ross P},
  journal = {Northwestern Journal of International Law \& Business},
  volume = {37},
  pages = {371--428},
  year = {2017}
}

@article{hassan2022compliance,
  title = {Regulatory Compliance Automation: A Survey},
  author = {Hassan, Mohammad and Zhang, Chen and Li, Yang},
  journal = {ACM Computing Surveys},
  volume = {54},
  number = {7},
  pages = {1--36},
  year = {2022}
}

% Code Search
@inproceedings{husain2019codesearch,
  title = {{CodeSearchNet} Challenge: Evaluating the State of Semantic Code Search},
  author = {Husain, Hamel and Wu, Ho-Hsiang and Gazit, Tiferet and Allamanis, Miltiadis and Brockschmidt, Marc},
  booktitle = {arXiv preprint arXiv:1909.09436},
  year = {2019}
}

@inproceedings{gu2018deepcode,
  title = {Deep Code Search},
  author = {Gu, Xiaodong and Zhang, Hongyu and Kim, Sunghun},
  booktitle = {Proceedings of ICSE 2018},
  pages = {933--944},
  year = {2018}
}

% Statistical References
@article{zipf1949,
  title = {Human Behavior and the Principle of Least Effort},
  author = {Zipf, George Kingsley},
  publisher = {Addison-Wesley},
  year = {1949}
}

@book{efron1993bootstrap,
  title = {An Introduction to the Bootstrap},
  author = {Efron, Bradley and Tibshirani, Robert},
  publisher = {Chapman \& Hall/CRC},
  year = {1993}
}