@MastersThesis{MendezGomez2025,
  author   = {Méndez Gómez, José Aram},
  title    = {Retrieval-Augmented Generation for the Discovery of Payment Validation Rules via LLM-Enriched Source Data},
  school   = {Hochschule für Technik und Wirtschaft des Saarlandes},
  year     = {2025},
  month    = {September},
  type     = {Bachelor Thesis},
  abstract = {This thesis explores the application of Retrieval-Augmented Generation (RAG) techniques for discovering payment validation rules through Large Language Model-enriched source data, enabling more effective and automated validation rule discovery in financial systems.},
  groups   = {Theses}
}
